%YAML 1.1
%TAG !u! tag:unity3d.com,2011:
--- !u!1 &547953403945455955
GameObject:
  m_ObjectHideFlags: 0
  m_CorrespondingSourceObject: {fileID: 0}
  m_PrefabInstance: {fileID: 0}
  m_PrefabAsset: {fileID: 0}
  serializedVersion: 6
  m_Component:
  - component: {fileID: 5353300903706017233}
  - component: {fileID: 5125624982950824317}
  - component: {fileID: 5143966593304936906}
  - component: {fileID: 7135762106243883058}
  m_Layer: 13
  m_Name: Bomb
  m_TagString: Untagged
  m_Icon: {fileID: 0}
  m_NavMeshLayer: 0
  m_StaticEditorFlags: 0
  m_IsActive: 1
--- !u!4 &5353300903706017233
Transform:
  m_ObjectHideFlags: 0
  m_CorrespondingSourceObject: {fileID: 0}
  m_PrefabInstance: {fileID: 0}
  m_PrefabAsset: {fileID: 0}
  m_GameObject: {fileID: 547953403945455955}
  m_LocalRotation: {x: 0, y: 0, z: 0, w: 1}
  m_LocalPosition: {x: 2.1522923, y: 1.5785754, z: 1.603841}
  m_LocalScale: {x: 1, y: 1, z: 1}
  m_Children:
  - {fileID: 5356866595125987812}
  m_Father: {fileID: 0}
  m_RootOrder: 0
  m_LocalEulerAnglesHint: {x: 0, y: 0, z: 0}
--- !u!114 &5125624982950824317
MonoBehaviour:
  m_ObjectHideFlags: 0
  m_CorrespondingSourceObject: {fileID: 0}
  m_PrefabInstance: {fileID: 0}
  m_PrefabAsset: {fileID: 0}
  m_GameObject: {fileID: 547953403945455955}
  m_Enabled: 1
  m_EditorHideFlags: 0
  m_Script: {fileID: 11500000, guid: c8e7461765e7c39439cf2d20fb05464e, type: 3}
  m_Name: 
  m_EditorClassIdentifier: 
  owner: {fileID: 0}
  explosionParticles:
  - {fileID: 1742013225946848, guid: b3d8264aa7d2d824a8a503e45291ddf4, type: 3}
  time: 4
  range: 2
  damage: 1
  pushSpeed: 1
--- !u!136 &5143966593304936906
CapsuleCollider:
  m_ObjectHideFlags: 0
  m_CorrespondingSourceObject: {fileID: 0}
  m_PrefabInstance: {fileID: 0}
  m_PrefabAsset: {fileID: 0}
  m_GameObject: {fileID: 547953403945455955}
  m_Material: {fileID: 0}
  m_IsTrigger: 1
  m_Enabled: 1
  m_Radius: 0.29
  m_Height: 1.05
  m_Direction: 1
  m_Center: {x: 0, y: 0.28, z: 0}
--- !u!95 &7135762106243883058
Animator:
  serializedVersion: 3
  m_ObjectHideFlags: 0
  m_CorrespondingSourceObject: {fileID: 0}
  m_PrefabInstance: {fileID: 0}
  m_PrefabAsset: {fileID: 0}
  m_GameObject: {fileID: 547953403945455955}
  m_Enabled: 1
  m_Avatar: {fileID: 0}
  m_Controller: {fileID: 9100000, guid: 566ad8c6cb6d90c41b4d54691b468fd2, type: 2}
  m_CullingMode: 0
  m_UpdateMode: 0
  m_ApplyRootMotion: 0
  m_LinearVelocityBlending: 0
  m_WarningMessage: 
  m_HasTransformHierarchy: 1
  m_AllowConstantClipSamplingOptimization: 1
  m_KeepAnimatorControllerStateOnDisable: 0
--- !u!1001 &5356866595125859172
PrefabInstance:
  m_ObjectHideFlags: 0
  serializedVersion: 2
  m_Modification:
    m_TransformParent: {fileID: 5353300903706017233}
    m_Modifications:
    - target: {fileID: 100000, guid: de6d00c121355fd45b7c42ebe5198108, type: 3}
      propertyPath: m_Name
      value: Mesh
      objectReference: {fileID: 0}
    - target: {fileID: 100000, guid: de6d00c121355fd45b7c42ebe5198108, type: 3}
      propertyPath: m_Layer
      value: 13
      objectReference: {fileID: 0}
    - target: {fileID: 400000, guid: de6d00c121355fd45b7c42ebe5198108, type: 3}
      propertyPath: m_LocalPosition.x
      value: 0
      objectReference: {fileID: 0}
    - target: {fileID: 400000, guid: de6d00c121355fd45b7c42ebe5198108, type: 3}
      propertyPath: m_LocalPosition.y
      value: 0
      objectReference: {fileID: 0}
    - target: {fileID: 400000, guid: de6d00c121355fd45b7c42ebe5198108, type: 3}
      propertyPath: m_LocalPosition.z
      value: 0
      objectReference: {fileID: 0}
    - target: {fileID: 400000, guid: de6d00c121355fd45b7c42ebe5198108, type: 3}
      propertyPath: m_LocalRotation.x
      value: -0
      objectReference: {fileID: 0}
    - target: {fileID: 400000, guid: de6d00c121355fd45b7c42ebe5198108, type: 3}
      propertyPath: m_LocalRotation.y
      value: -0
      objectReference: {fileID: 0}
    - target: {fileID: 400000, guid: de6d00c121355fd45b7c42ebe5198108, type: 3}
      propertyPath: m_LocalRotation.z
      value: -0
      objectReference: {fileID: 0}
    - target: {fileID: 400000, guid: de6d00c121355fd45b7c42ebe5198108, type: 3}
      propertyPath: m_LocalRotation.w
      value: 1
      objectReference: {fileID: 0}
    - target: {fileID: 400000, guid: de6d00c121355fd45b7c42ebe5198108, type: 3}
      propertyPath: m_RootOrder
      value: 0
      objectReference: {fileID: 0}
    - target: {fileID: 400000, guid: de6d00c121355fd45b7c42ebe5198108, type: 3}
      propertyPath: m_LocalEulerAnglesHint.x
      value: 0
      objectReference: {fileID: 0}
    - target: {fileID: 400000, guid: de6d00c121355fd45b7c42ebe5198108, type: 3}
      propertyPath: m_LocalEulerAnglesHint.y
      value: 0
      objectReference: {fileID: 0}
    - target: {fileID: 400000, guid: de6d00c121355fd45b7c42ebe5198108, type: 3}
      propertyPath: m_LocalEulerAnglesHint.z
      value: 0
      objectReference: {fileID: 0}
    - target: {fileID: 400000, guid: de6d00c121355fd45b7c42ebe5198108, type: 3}
      propertyPath: m_LocalScale.x
      value: 0.35871
      objectReference: {fileID: 0}
    - target: {fileID: 400000, guid: de6d00c121355fd45b7c42ebe5198108, type: 3}
      propertyPath: m_LocalScale.y
      value: 0.35871
      objectReference: {fileID: 0}
    - target: {fileID: 400000, guid: de6d00c121355fd45b7c42ebe5198108, type: 3}
      propertyPath: m_LocalScale.z
      value: 0.35871
      objectReference: {fileID: 0}
    - target: {fileID: 2300000, guid: de6d00c121355fd45b7c42ebe5198108, type: 3}
      propertyPath: m_Materials.Array.data[0]
      value: 
      objectReference: {fileID: 2100000, guid: 14b0e76a1035fcf4f912e0bcbf83f5a8, type: 2}
    m_RemovedComponents: []
  m_SourcePrefab: {fileID: 100100000, guid: de6d00c121355fd45b7c42ebe5198108, type: 3}
--- !u!4 &5356866595125987812 stripped
Transform:
  m_CorrespondingSourceObject: {fileID: 400000, guid: de6d00c121355fd45b7c42ebe5198108,
    type: 3}
  m_PrefabInstance: {fileID: 5356866595125859172}
  m_PrefabAsset: {fileID: 0}
