%YAML 1.1
%TAG !u! tag:unity3d.com,2011:
--- !u!1 &686838173524277720
GameObject:
  m_ObjectHideFlags: 0
  m_CorrespondingSourceObject: {fileID: 0}
  m_PrefabInstance: {fileID: 0}
  m_PrefabAsset: {fileID: 0}
  serializedVersion: 6
  m_Component:
  - component: {fileID: 686838173524277727}
  - component: {fileID: 686838173524277699}
  - component: {fileID: 686838173524277724}
  - component: {fileID: 686838173524277725}
  - component: {fileID: 686838173524277726}
  m_Layer: 0
  m_Name: segment 8 mesh
  m_TagString: Untagged
  m_Icon: {fileID: 0}
  m_NavMeshLayer: 0
  m_StaticEditorFlags: 4294967295
  m_IsActive: 1
--- !u!4 &686838173524277727
Transform:
  m_ObjectHideFlags: 0
  m_CorrespondingSourceObject: {fileID: 0}
  m_PrefabInstance: {fileID: 0}
  m_PrefabAsset: {fileID: 0}
  m_GameObject: {fileID: 686838173524277720}
  m_LocalRotation: {x: 0, y: 0, z: 0, w: 1}
  m_LocalPosition: {x: 0, y: 0, z: 0}
  m_LocalScale: {x: 1, y: 1, z: 1}
  m_Children: []
  m_Father: {fileID: 686838173865937206}
  m_RootOrder: 8
  m_LocalEulerAnglesHint: {x: 0, y: 0, z: 0}
--- !u!33 &686838173524277699
MeshFilter:
  m_ObjectHideFlags: 0
  m_CorrespondingSourceObject: {fileID: 0}
  m_PrefabInstance: {fileID: 0}
  m_PrefabAsset: {fileID: 0}
  m_GameObject: {fileID: 686838173524277720}
  m_Mesh: {fileID: 0}
--- !u!23 &686838173524277724
MeshRenderer:
  m_ObjectHideFlags: 0
  m_CorrespondingSourceObject: {fileID: 0}
  m_PrefabInstance: {fileID: 0}
  m_PrefabAsset: {fileID: 0}
  m_GameObject: {fileID: 686838173524277720}
  m_Enabled: 1
  m_CastShadows: 1
  m_ReceiveShadows: 1
  m_DynamicOccludee: 1
  m_MotionVectors: 1
  m_LightProbeUsage: 1
  m_ReflectionProbeUsage: 1
  m_RayTracingMode: 2
  m_RayTraceProcedural: 0
  m_RenderingLayerMask: 1
  m_RendererPriority: 0
  m_Materials:
  - {fileID: 2100000, guid: 67dec03cf425dbe488dee09029db7028, type: 2}
  m_StaticBatchInfo:
    firstSubMesh: 0
    subMeshCount: 0
  m_StaticBatchRoot: {fileID: 0}
  m_ProbeAnchor: {fileID: 0}
  m_LightProbeVolumeOverride: {fileID: 0}
  m_ScaleInLightmap: 1
  m_ReceiveGI: 1
  m_PreserveUVs: 0
  m_IgnoreNormalsForChartDetection: 0
  m_ImportantGI: 0
  m_StitchLightmapSeams: 1
  m_SelectedEditorRenderState: 3
  m_MinimumChartSize: 4
  m_AutoUVMaxDistance: 0.5
  m_AutoUVMaxAngle: 89
  m_LightmapParameters: {fileID: 0}
  m_SortingLayerID: 0
  m_SortingLayer: 0
  m_SortingOrder: 0
  m_AdditionalVertexStreams: {fileID: 0}
--- !u!114 &686838173524277725
MonoBehaviour:
  m_ObjectHideFlags: 0
  m_CorrespondingSourceObject: {fileID: 0}
  m_PrefabInstance: {fileID: 0}
  m_PrefabAsset: {fileID: 0}
  m_GameObject: {fileID: 686838173524277720}
  m_Enabled: 1
  m_EditorHideFlags: 0
  m_Script: {fileID: 11500000, guid: f8cda9ed2ad6a8b4781166236afc26b3, type: 3}
  m_Name: 
  m_EditorClassIdentifier: 
--- !u!64 &686838173524277726
MeshCollider:
  m_ObjectHideFlags: 0
  m_CorrespondingSourceObject: {fileID: 0}
  m_PrefabInstance: {fileID: 0}
  m_PrefabAsset: {fileID: 0}
  m_GameObject: {fileID: 686838173524277720}
  m_Material: {fileID: 0}
  m_IsTrigger: 0
  m_Enabled: 1
  serializedVersion: 4
  m_Convex: 0
  m_CookingOptions: 30
  m_Mesh: {fileID: 0}
--- !u!1 &686838173542624608
GameObject:
  m_ObjectHideFlags: 0
  m_CorrespondingSourceObject: {fileID: 0}
  m_PrefabInstance: {fileID: 0}
  m_PrefabAsset: {fileID: 0}
  serializedVersion: 6
  m_Component:
  - component: {fileID: 686838173542624615}
  - component: {fileID: 686838173542624619}
  - component: {fileID: 686838173542624612}
  - component: {fileID: 686838173542624613}
  - component: {fileID: 686838173542624614}
  m_Layer: 0
  m_Name: segment 5 mesh
  m_TagString: Untagged
  m_Icon: {fileID: 0}
  m_NavMeshLayer: 0
  m_StaticEditorFlags: 4294967295
  m_IsActive: 1
--- !u!4 &686838173542624615
Transform:
  m_ObjectHideFlags: 0
  m_CorrespondingSourceObject: {fileID: 0}
  m_PrefabInstance: {fileID: 0}
  m_PrefabAsset: {fileID: 0}
  m_GameObject: {fileID: 686838173542624608}
  m_LocalRotation: {x: 0, y: 0, z: 0, w: 1}
  m_LocalPosition: {x: 0, y: 0, z: 0}
  m_LocalScale: {x: 1, y: 1, z: 1}
  m_Children: []
  m_Father: {fileID: 686838173865937206}
  m_RootOrder: 5
  m_LocalEulerAnglesHint: {x: 0, y: 0, z: 0}
--- !u!33 &686838173542624619
MeshFilter:
  m_ObjectHideFlags: 0
  m_CorrespondingSourceObject: {fileID: 0}
  m_PrefabInstance: {fileID: 0}
  m_PrefabAsset: {fileID: 0}
  m_GameObject: {fileID: 686838173542624608}
  m_Mesh: {fileID: 0}
--- !u!23 &686838173542624612
MeshRenderer:
  m_ObjectHideFlags: 0
  m_CorrespondingSourceObject: {fileID: 0}
  m_PrefabInstance: {fileID: 0}
  m_PrefabAsset: {fileID: 0}
  m_GameObject: {fileID: 686838173542624608}
  m_Enabled: 1
  m_CastShadows: 1
  m_ReceiveShadows: 1
  m_DynamicOccludee: 1
  m_MotionVectors: 1
  m_LightProbeUsage: 1
  m_ReflectionProbeUsage: 1
  m_RayTracingMode: 2
  m_RayTraceProcedural: 0
  m_RenderingLayerMask: 1
  m_RendererPriority: 0
  m_Materials:
  - {fileID: 2100000, guid: 67dec03cf425dbe488dee09029db7028, type: 2}
  m_StaticBatchInfo:
    firstSubMesh: 0
    subMeshCount: 0
  m_StaticBatchRoot: {fileID: 0}
  m_ProbeAnchor: {fileID: 0}
  m_LightProbeVolumeOverride: {fileID: 0}
  m_ScaleInLightmap: 1
  m_ReceiveGI: 1
  m_PreserveUVs: 0
  m_IgnoreNormalsForChartDetection: 0
  m_ImportantGI: 0
  m_StitchLightmapSeams: 1
  m_SelectedEditorRenderState: 3
  m_MinimumChartSize: 4
  m_AutoUVMaxDistance: 0.5
  m_AutoUVMaxAngle: 89
  m_LightmapParameters: {fileID: 0}
  m_SortingLayerID: 0
  m_SortingLayer: 0
  m_SortingOrder: 0
  m_AdditionalVertexStreams: {fileID: 0}
--- !u!114 &686838173542624613
MonoBehaviour:
  m_ObjectHideFlags: 0
  m_CorrespondingSourceObject: {fileID: 0}
  m_PrefabInstance: {fileID: 0}
  m_PrefabAsset: {fileID: 0}
  m_GameObject: {fileID: 686838173542624608}
  m_Enabled: 1
  m_EditorHideFlags: 0
  m_Script: {fileID: 11500000, guid: f8cda9ed2ad6a8b4781166236afc26b3, type: 3}
  m_Name: 
  m_EditorClassIdentifier: 
--- !u!64 &686838173542624614
MeshCollider:
  m_ObjectHideFlags: 0
  m_CorrespondingSourceObject: {fileID: 0}
  m_PrefabInstance: {fileID: 0}
  m_PrefabAsset: {fileID: 0}
  m_GameObject: {fileID: 686838173542624608}
  m_Material: {fileID: 0}
  m_IsTrigger: 0
  m_Enabled: 1
  serializedVersion: 4
  m_Convex: 0
  m_CookingOptions: 30
  m_Mesh: {fileID: 0}
--- !u!1 &686838173599490120
GameObject:
  m_ObjectHideFlags: 0
  m_CorrespondingSourceObject: {fileID: 0}
  m_PrefabInstance: {fileID: 0}
  m_PrefabAsset: {fileID: 0}
  serializedVersion: 6
  m_Component:
  - component: {fileID: 686838173599490127}
  - component: {fileID: 686838173599490227}
  - component: {fileID: 686838173599490124}
  - component: {fileID: 686838173599490125}
  - component: {fileID: 686838173599490126}
  m_Layer: 0
  m_Name: segment 0 mesh
  m_TagString: Untagged
  m_Icon: {fileID: 0}
  m_NavMeshLayer: 0
  m_StaticEditorFlags: 4294967295
  m_IsActive: 1
--- !u!4 &686838173599490127
Transform:
  m_ObjectHideFlags: 0
  m_CorrespondingSourceObject: {fileID: 0}
  m_PrefabInstance: {fileID: 0}
  m_PrefabAsset: {fileID: 0}
  m_GameObject: {fileID: 686838173599490120}
  m_LocalRotation: {x: 0, y: 0, z: 0, w: 1}
  m_LocalPosition: {x: 0, y: 0, z: 0}
  m_LocalScale: {x: 1, y: 1, z: 1}
  m_Children: []
  m_Father: {fileID: 686838173865937206}
  m_RootOrder: 0
  m_LocalEulerAnglesHint: {x: 0, y: 0, z: 0}
--- !u!33 &686838173599490227
MeshFilter:
  m_ObjectHideFlags: 0
  m_CorrespondingSourceObject: {fileID: 0}
  m_PrefabInstance: {fileID: 0}
  m_PrefabAsset: {fileID: 0}
  m_GameObject: {fileID: 686838173599490120}
  m_Mesh: {fileID: 0}
--- !u!23 &686838173599490124
MeshRenderer:
  m_ObjectHideFlags: 0
  m_CorrespondingSourceObject: {fileID: 0}
  m_PrefabInstance: {fileID: 0}
  m_PrefabAsset: {fileID: 0}
  m_GameObject: {fileID: 686838173599490120}
  m_Enabled: 1
  m_CastShadows: 1
  m_ReceiveShadows: 1
  m_DynamicOccludee: 1
  m_MotionVectors: 1
  m_LightProbeUsage: 1
  m_ReflectionProbeUsage: 1
  m_RayTracingMode: 2
  m_RayTraceProcedural: 0
  m_RenderingLayerMask: 1
  m_RendererPriority: 0
  m_Materials:
  - {fileID: 2100000, guid: 67dec03cf425dbe488dee09029db7028, type: 2}
  m_StaticBatchInfo:
    firstSubMesh: 0
    subMeshCount: 0
  m_StaticBatchRoot: {fileID: 0}
  m_ProbeAnchor: {fileID: 0}
  m_LightProbeVolumeOverride: {fileID: 0}
  m_ScaleInLightmap: 1
  m_ReceiveGI: 1
  m_PreserveUVs: 0
  m_IgnoreNormalsForChartDetection: 0
  m_ImportantGI: 0
  m_StitchLightmapSeams: 1
  m_SelectedEditorRenderState: 3
  m_MinimumChartSize: 4
  m_AutoUVMaxDistance: 0.5
  m_AutoUVMaxAngle: 89
  m_LightmapParameters: {fileID: 0}
  m_SortingLayerID: 0
  m_SortingLayer: 0
  m_SortingOrder: 0
  m_AdditionalVertexStreams: {fileID: 0}
--- !u!114 &686838173599490125
MonoBehaviour:
  m_ObjectHideFlags: 0
  m_CorrespondingSourceObject: {fileID: 0}
  m_PrefabInstance: {fileID: 0}
  m_PrefabAsset: {fileID: 0}
  m_GameObject: {fileID: 686838173599490120}
  m_Enabled: 1
  m_EditorHideFlags: 0
  m_Script: {fileID: 11500000, guid: f8cda9ed2ad6a8b4781166236afc26b3, type: 3}
  m_Name: 
  m_EditorClassIdentifier: 
--- !u!64 &686838173599490126
MeshCollider:
  m_ObjectHideFlags: 0
  m_CorrespondingSourceObject: {fileID: 0}
  m_PrefabInstance: {fileID: 0}
  m_PrefabAsset: {fileID: 0}
  m_GameObject: {fileID: 686838173599490120}
  m_Material: {fileID: 0}
  m_IsTrigger: 0
  m_Enabled: 1
  serializedVersion: 4
  m_Convex: 0
  m_CookingOptions: 30
  m_Mesh: {fileID: 0}
--- !u!1 &686838173731527890
GameObject:
  m_ObjectHideFlags: 0
  m_CorrespondingSourceObject: {fileID: 0}
  m_PrefabInstance: {fileID: 0}
  m_PrefabAsset: {fileID: 0}
  serializedVersion: 6
  m_Component:
  - component: {fileID: 686838173731527889}
  - component: {fileID: 686838173731527888}
  m_Layer: 0
  m_Name: RightRailling
  m_TagString: Untagged
  m_Icon: {fileID: 0}
  m_NavMeshLayer: 0
  m_StaticEditorFlags: 0
  m_IsActive: 1
--- !u!4 &686838173731527889
Transform:
  m_ObjectHideFlags: 0
  m_CorrespondingSourceObject: {fileID: 0}
  m_PrefabInstance: {fileID: 0}
  m_PrefabAsset: {fileID: 0}
  m_GameObject: {fileID: 686838173731527890}
  m_LocalRotation: {x: 0, y: 0, z: 0, w: 1}
  m_LocalPosition: {x: 0, y: 0, z: 0}
  m_LocalScale: {x: 1, y: 1, z: 1}
  m_Children:
  - {fileID: 686838173865937206}
  m_Father: {fileID: 686838174754779007}
  m_RootOrder: 0
  m_LocalEulerAnglesHint: {x: 0, y: 0, z: 0}
--- !u!114 &686838173731527888
MonoBehaviour:
  m_ObjectHideFlags: 0
  m_CorrespondingSourceObject: {fileID: 0}
  m_PrefabInstance: {fileID: 0}
  m_PrefabAsset: {fileID: 0}
  m_GameObject: {fileID: 686838173731527890}
  m_Enabled: 1
  m_EditorHideFlags: 0
  m_Script: {fileID: 11500000, guid: 174367e175762fb48ba55d6171e99990, type: 3}
  m_Name: 
  m_EditorClassIdentifier: 
  mesh: {fileID: 4300000, guid: 75a08385e127b9944b8a9e21320e8b88, type: 3}
  material: {fileID: 2100000, guid: 67dec03cf425dbe488dee09029db7028, type: 2}
  physicMaterial: {fileID: 0}
  translation: {x: 0, y: 0, z: -0.5}
  rotation: {x: -90, y: 0, z: 0}
  scale: {x: 1, y: 1, z: 1}
  generateCollider: 1
  updateInPlayMode: 0
  curveSpace: 1
  mode: 2
--- !u!1 &686838173865937207
GameObject:
  m_ObjectHideFlags: 0
  m_CorrespondingSourceObject: {fileID: 0}
  m_PrefabInstance: {fileID: 0}
  m_PrefabAsset: {fileID: 0}
  serializedVersion: 6
  m_Component:
  - component: {fileID: 686838173865937206}
  m_Layer: 0
  m_Name: generated by SplineMeshTiling
  m_TagString: Untagged
  m_Icon: {fileID: 0}
  m_NavMeshLayer: 0
  m_StaticEditorFlags: 0
  m_IsActive: 1
--- !u!4 &686838173865937206
Transform:
  m_ObjectHideFlags: 0
  m_CorrespondingSourceObject: {fileID: 0}
  m_PrefabInstance: {fileID: 0}
  m_PrefabAsset: {fileID: 0}
  m_GameObject: {fileID: 686838173865937207}
  m_LocalRotation: {x: 0, y: 0, z: 0, w: 1}
  m_LocalPosition: {x: 0, y: 0, z: 0}
  m_LocalScale: {x: 1, y: 1, z: 1}
  m_Children:
  - {fileID: 686838173599490127}
  - {fileID: 686838174950972584}
  - {fileID: 686838175138807853}
  - {fileID: 686838174746764206}
  - {fileID: 686838174725427193}
  - {fileID: 686838173542624615}
  - {fileID: 686838174506079047}
  - {fileID: 686838174033804552}
  - {fileID: 686838173524277727}
  - {fileID: 686838175388356510}
  m_Father: {fileID: 686838173731527889}
  m_RootOrder: 0
  m_LocalEulerAnglesHint: {x: 0, y: 0, z: 0}
--- !u!1 &686838174033804553
GameObject:
  m_ObjectHideFlags: 0
  m_CorrespondingSourceObject: {fileID: 0}
  m_PrefabInstance: {fileID: 0}
  m_PrefabAsset: {fileID: 0}
  serializedVersion: 6
  m_Component:
  - component: {fileID: 686838174033804552}
  - component: {fileID: 686838174033804556}
  - component: {fileID: 686838174033804557}
  - component: {fileID: 686838174033804558}
  - component: {fileID: 686838174033804559}
  m_Layer: 0
  m_Name: segment 7 mesh
  m_TagString: Untagged
  m_Icon: {fileID: 0}
  m_NavMeshLayer: 0
  m_StaticEditorFlags: 4294967295
  m_IsActive: 1
--- !u!4 &686838174033804552
Transform:
  m_ObjectHideFlags: 0
  m_CorrespondingSourceObject: {fileID: 0}
  m_PrefabInstance: {fileID: 0}
  m_PrefabAsset: {fileID: 0}
  m_GameObject: {fileID: 686838174033804553}
  m_LocalRotation: {x: 0, y: 0, z: 0, w: 1}
  m_LocalPosition: {x: 0, y: 0, z: 0}
  m_LocalScale: {x: 1, y: 1, z: 1}
  m_Children: []
  m_Father: {fileID: 686838173865937206}
  m_RootOrder: 7
  m_LocalEulerAnglesHint: {x: 0, y: 0, z: 0}
--- !u!33 &686838174033804556
MeshFilter:
  m_ObjectHideFlags: 0
  m_CorrespondingSourceObject: {fileID: 0}
  m_PrefabInstance: {fileID: 0}
  m_PrefabAsset: {fileID: 0}
  m_GameObject: {fileID: 686838174033804553}
  m_Mesh: {fileID: 0}
--- !u!23 &686838174033804557
MeshRenderer:
  m_ObjectHideFlags: 0
  m_CorrespondingSourceObject: {fileID: 0}
  m_PrefabInstance: {fileID: 0}
  m_PrefabAsset: {fileID: 0}
  m_GameObject: {fileID: 686838174033804553}
  m_Enabled: 1
  m_CastShadows: 1
  m_ReceiveShadows: 1
  m_DynamicOccludee: 1
  m_MotionVectors: 1
  m_LightProbeUsage: 1
  m_ReflectionProbeUsage: 1
  m_RayTracingMode: 2
  m_RayTraceProcedural: 0
  m_RenderingLayerMask: 1
  m_RendererPriority: 0
  m_Materials:
  - {fileID: 2100000, guid: 67dec03cf425dbe488dee09029db7028, type: 2}
  m_StaticBatchInfo:
    firstSubMesh: 0
    subMeshCount: 0
  m_StaticBatchRoot: {fileID: 0}
  m_ProbeAnchor: {fileID: 0}
  m_LightProbeVolumeOverride: {fileID: 0}
  m_ScaleInLightmap: 1
  m_ReceiveGI: 1
  m_PreserveUVs: 0
  m_IgnoreNormalsForChartDetection: 0
  m_ImportantGI: 0
  m_StitchLightmapSeams: 1
  m_SelectedEditorRenderState: 3
  m_MinimumChartSize: 4
  m_AutoUVMaxDistance: 0.5
  m_AutoUVMaxAngle: 89
  m_LightmapParameters: {fileID: 0}
  m_SortingLayerID: 0
  m_SortingLayer: 0
  m_SortingOrder: 0
  m_AdditionalVertexStreams: {fileID: 0}
--- !u!114 &686838174033804558
MonoBehaviour:
  m_ObjectHideFlags: 0
  m_CorrespondingSourceObject: {fileID: 0}
  m_PrefabInstance: {fileID: 0}
  m_PrefabAsset: {fileID: 0}
  m_GameObject: {fileID: 686838174033804553}
  m_Enabled: 1
  m_EditorHideFlags: 0
  m_Script: {fileID: 11500000, guid: f8cda9ed2ad6a8b4781166236afc26b3, type: 3}
  m_Name: 
  m_EditorClassIdentifier: 
--- !u!64 &686838174033804559
MeshCollider:
  m_ObjectHideFlags: 0
  m_CorrespondingSourceObject: {fileID: 0}
  m_PrefabInstance: {fileID: 0}
  m_PrefabAsset: {fileID: 0}
  m_GameObject: {fileID: 686838174033804553}
  m_Material: {fileID: 0}
  m_IsTrigger: 0
  m_Enabled: 1
  serializedVersion: 4
  m_Convex: 0
  m_CookingOptions: 30
  m_Mesh: {fileID: 0}
--- !u!1 &686838174506079040
GameObject:
  m_ObjectHideFlags: 0
  m_CorrespondingSourceObject: {fileID: 0}
  m_PrefabInstance: {fileID: 0}
  m_PrefabAsset: {fileID: 0}
  serializedVersion: 6
  m_Component:
  - component: {fileID: 686838174506079047}
  - component: {fileID: 686838174506079051}
  - component: {fileID: 686838174506079044}
  - component: {fileID: 686838174506079045}
  - component: {fileID: 686838174506079046}
  m_Layer: 0
  m_Name: segment 6 mesh
  m_TagString: Untagged
  m_Icon: {fileID: 0}
  m_NavMeshLayer: 0
  m_StaticEditorFlags: 4294967295
  m_IsActive: 1
--- !u!4 &686838174506079047
Transform:
  m_ObjectHideFlags: 0
  m_CorrespondingSourceObject: {fileID: 0}
  m_PrefabInstance: {fileID: 0}
  m_PrefabAsset: {fileID: 0}
  m_GameObject: {fileID: 686838174506079040}
  m_LocalRotation: {x: 0, y: 0, z: 0, w: 1}
  m_LocalPosition: {x: 0, y: 0, z: 0}
  m_LocalScale: {x: 1, y: 1, z: 1}
  m_Children: []
  m_Father: {fileID: 686838173865937206}
  m_RootOrder: 6
  m_LocalEulerAnglesHint: {x: 0, y: 0, z: 0}
--- !u!33 &686838174506079051
MeshFilter:
  m_ObjectHideFlags: 0
  m_CorrespondingSourceObject: {fileID: 0}
  m_PrefabInstance: {fileID: 0}
  m_PrefabAsset: {fileID: 0}
  m_GameObject: {fileID: 686838174506079040}
  m_Mesh: {fileID: 0}
--- !u!23 &686838174506079044
MeshRenderer:
  m_ObjectHideFlags: 0
  m_CorrespondingSourceObject: {fileID: 0}
  m_PrefabInstance: {fileID: 0}
  m_PrefabAsset: {fileID: 0}
  m_GameObject: {fileID: 686838174506079040}
  m_Enabled: 1
  m_CastShadows: 1
  m_ReceiveShadows: 1
  m_DynamicOccludee: 1
  m_MotionVectors: 1
  m_LightProbeUsage: 1
  m_ReflectionProbeUsage: 1
  m_RayTracingMode: 2
  m_RayTraceProcedural: 0
  m_RenderingLayerMask: 1
  m_RendererPriority: 0
  m_Materials:
  - {fileID: 2100000, guid: 67dec03cf425dbe488dee09029db7028, type: 2}
  m_StaticBatchInfo:
    firstSubMesh: 0
    subMeshCount: 0
  m_StaticBatchRoot: {fileID: 0}
  m_ProbeAnchor: {fileID: 0}
  m_LightProbeVolumeOverride: {fileID: 0}
  m_ScaleInLightmap: 1
  m_ReceiveGI: 1
  m_PreserveUVs: 0
  m_IgnoreNormalsForChartDetection: 0
  m_ImportantGI: 0
  m_StitchLightmapSeams: 1
  m_SelectedEditorRenderState: 3
  m_MinimumChartSize: 4
  m_AutoUVMaxDistance: 0.5
  m_AutoUVMaxAngle: 89
  m_LightmapParameters: {fileID: 0}
  m_SortingLayerID: 0
  m_SortingLayer: 0
  m_SortingOrder: 0
  m_AdditionalVertexStreams: {fileID: 0}
--- !u!114 &686838174506079045
MonoBehaviour:
  m_ObjectHideFlags: 0
  m_CorrespondingSourceObject: {fileID: 0}
  m_PrefabInstance: {fileID: 0}
  m_PrefabAsset: {fileID: 0}
  m_GameObject: {fileID: 686838174506079040}
  m_Enabled: 1
  m_EditorHideFlags: 0
  m_Script: {fileID: 11500000, guid: f8cda9ed2ad6a8b4781166236afc26b3, type: 3}
  m_Name: 
  m_EditorClassIdentifier: 
--- !u!64 &686838174506079046
MeshCollider:
  m_ObjectHideFlags: 0
  m_CorrespondingSourceObject: {fileID: 0}
  m_PrefabInstance: {fileID: 0}
  m_PrefabAsset: {fileID: 0}
  m_GameObject: {fileID: 686838174506079040}
  m_Material: {fileID: 0}
  m_IsTrigger: 0
  m_Enabled: 1
  serializedVersion: 4
  m_Convex: 0
  m_CookingOptions: 30
  m_Mesh: {fileID: 0}
--- !u!1 &686838174725427194
GameObject:
  m_ObjectHideFlags: 0
  m_CorrespondingSourceObject: {fileID: 0}
  m_PrefabInstance: {fileID: 0}
  m_PrefabAsset: {fileID: 0}
  serializedVersion: 6
  m_Component:
  - component: {fileID: 686838174725427193}
  - component: {fileID: 686838174725427197}
  - component: {fileID: 686838174725427198}
  - component: {fileID: 686838174725427199}
  - component: {fileID: 686838174725427192}
  m_Layer: 0
  m_Name: segment 4 mesh
  m_TagString: Untagged
  m_Icon: {fileID: 0}
  m_NavMeshLayer: 0
  m_StaticEditorFlags: 4294967295
  m_IsActive: 1
--- !u!4 &686838174725427193
Transform:
  m_ObjectHideFlags: 0
  m_CorrespondingSourceObject: {fileID: 0}
  m_PrefabInstance: {fileID: 0}
  m_PrefabAsset: {fileID: 0}
  m_GameObject: {fileID: 686838174725427194}
  m_LocalRotation: {x: 0, y: 0, z: 0, w: 1}
  m_LocalPosition: {x: 0, y: 0, z: 0}
  m_LocalScale: {x: 1, y: 1, z: 1}
  m_Children: []
  m_Father: {fileID: 686838173865937206}
  m_RootOrder: 4
  m_LocalEulerAnglesHint: {x: 0, y: 0, z: 0}
--- !u!33 &686838174725427197
MeshFilter:
  m_ObjectHideFlags: 0
  m_CorrespondingSourceObject: {fileID: 0}
  m_PrefabInstance: {fileID: 0}
  m_PrefabAsset: {fileID: 0}
  m_GameObject: {fileID: 686838174725427194}
  m_Mesh: {fileID: 0}
--- !u!23 &686838174725427198
MeshRenderer:
  m_ObjectHideFlags: 0
  m_CorrespondingSourceObject: {fileID: 0}
  m_PrefabInstance: {fileID: 0}
  m_PrefabAsset: {fileID: 0}
  m_GameObject: {fileID: 686838174725427194}
  m_Enabled: 1
  m_CastShadows: 1
  m_ReceiveShadows: 1
  m_DynamicOccludee: 1
  m_MotionVectors: 1
  m_LightProbeUsage: 1
  m_ReflectionProbeUsage: 1
  m_RayTracingMode: 2
  m_RayTraceProcedural: 0
  m_RenderingLayerMask: 1
  m_RendererPriority: 0
  m_Materials:
  - {fileID: 2100000, guid: 67dec03cf425dbe488dee09029db7028, type: 2}
  m_StaticBatchInfo:
    firstSubMesh: 0
    subMeshCount: 0
  m_StaticBatchRoot: {fileID: 0}
  m_ProbeAnchor: {fileID: 0}
  m_LightProbeVolumeOverride: {fileID: 0}
  m_ScaleInLightmap: 1
  m_ReceiveGI: 1
  m_PreserveUVs: 0
  m_IgnoreNormalsForChartDetection: 0
  m_ImportantGI: 0
  m_StitchLightmapSeams: 1
  m_SelectedEditorRenderState: 3
  m_MinimumChartSize: 4
  m_AutoUVMaxDistance: 0.5
  m_AutoUVMaxAngle: 89
  m_LightmapParameters: {fileID: 0}
  m_SortingLayerID: 0
  m_SortingLayer: 0
  m_SortingOrder: 0
  m_AdditionalVertexStreams: {fileID: 0}
--- !u!114 &686838174725427199
MonoBehaviour:
  m_ObjectHideFlags: 0
  m_CorrespondingSourceObject: {fileID: 0}
  m_PrefabInstance: {fileID: 0}
  m_PrefabAsset: {fileID: 0}
  m_GameObject: {fileID: 686838174725427194}
  m_Enabled: 1
  m_EditorHideFlags: 0
  m_Script: {fileID: 11500000, guid: f8cda9ed2ad6a8b4781166236afc26b3, type: 3}
  m_Name: 
  m_EditorClassIdentifier: 
--- !u!64 &686838174725427192
MeshCollider:
  m_ObjectHideFlags: 0
  m_CorrespondingSourceObject: {fileID: 0}
  m_PrefabInstance: {fileID: 0}
  m_PrefabAsset: {fileID: 0}
  m_GameObject: {fileID: 686838174725427194}
  m_Material: {fileID: 0}
  m_IsTrigger: 0
  m_Enabled: 1
  serializedVersion: 4
  m_Convex: 0
  m_CookingOptions: 30
  m_Mesh: {fileID: 0}
--- !u!1 &686838174746764207
GameObject:
  m_ObjectHideFlags: 0
  m_CorrespondingSourceObject: {fileID: 0}
  m_PrefabInstance: {fileID: 0}
  m_PrefabAsset: {fileID: 0}
  serializedVersion: 6
  m_Component:
  - component: {fileID: 686838174746764206}
  - component: {fileID: 686838174746764178}
  - component: {fileID: 686838174746764179}
  - component: {fileID: 686838174746764204}
  - component: {fileID: 686838174746764205}
  m_Layer: 0
  m_Name: segment 3 mesh
  m_TagString: Untagged
  m_Icon: {fileID: 0}
  m_NavMeshLayer: 0
  m_StaticEditorFlags: 4294967295
  m_IsActive: 1
--- !u!4 &686838174746764206
Transform:
  m_ObjectHideFlags: 0
  m_CorrespondingSourceObject: {fileID: 0}
  m_PrefabInstance: {fileID: 0}
  m_PrefabAsset: {fileID: 0}
  m_GameObject: {fileID: 686838174746764207}
  m_LocalRotation: {x: 0, y: 0, z: 0, w: 1}
  m_LocalPosition: {x: 0, y: 0, z: 0}
  m_LocalScale: {x: 1, y: 1, z: 1}
  m_Children: []
  m_Father: {fileID: 686838173865937206}
  m_RootOrder: 3
  m_LocalEulerAnglesHint: {x: 0, y: 0, z: 0}
--- !u!33 &686838174746764178
MeshFilter:
  m_ObjectHideFlags: 0
  m_CorrespondingSourceObject: {fileID: 0}
  m_PrefabInstance: {fileID: 0}
  m_PrefabAsset: {fileID: 0}
  m_GameObject: {fileID: 686838174746764207}
  m_Mesh: {fileID: 0}
--- !u!23 &686838174746764179
MeshRenderer:
  m_ObjectHideFlags: 0
  m_CorrespondingSourceObject: {fileID: 0}
  m_PrefabInstance: {fileID: 0}
  m_PrefabAsset: {fileID: 0}
  m_GameObject: {fileID: 686838174746764207}
  m_Enabled: 1
  m_CastShadows: 1
  m_ReceiveShadows: 1
  m_DynamicOccludee: 1
  m_MotionVectors: 1
  m_LightProbeUsage: 1
  m_ReflectionProbeUsage: 1
  m_RayTracingMode: 2
  m_RayTraceProcedural: 0
  m_RenderingLayerMask: 1
  m_RendererPriority: 0
  m_Materials:
  - {fileID: 2100000, guid: 67dec03cf425dbe488dee09029db7028, type: 2}
  m_StaticBatchInfo:
    firstSubMesh: 0
    subMeshCount: 0
  m_StaticBatchRoot: {fileID: 0}
  m_ProbeAnchor: {fileID: 0}
  m_LightProbeVolumeOverride: {fileID: 0}
  m_ScaleInLightmap: 1
  m_ReceiveGI: 1
  m_PreserveUVs: 0
  m_IgnoreNormalsForChartDetection: 0
  m_ImportantGI: 0
  m_StitchLightmapSeams: 1
  m_SelectedEditorRenderState: 3
  m_MinimumChartSize: 4
  m_AutoUVMaxDistance: 0.5
  m_AutoUVMaxAngle: 89
  m_LightmapParameters: {fileID: 0}
  m_SortingLayerID: 0
  m_SortingLayer: 0
  m_SortingOrder: 0
  m_AdditionalVertexStreams: {fileID: 0}
--- !u!114 &686838174746764204
MonoBehaviour:
  m_ObjectHideFlags: 0
  m_CorrespondingSourceObject: {fileID: 0}
  m_PrefabInstance: {fileID: 0}
  m_PrefabAsset: {fileID: 0}
  m_GameObject: {fileID: 686838174746764207}
  m_Enabled: 1
  m_EditorHideFlags: 0
  m_Script: {fileID: 11500000, guid: f8cda9ed2ad6a8b4781166236afc26b3, type: 3}
  m_Name: 
  m_EditorClassIdentifier: 
--- !u!64 &686838174746764205
MeshCollider:
  m_ObjectHideFlags: 0
  m_CorrespondingSourceObject: {fileID: 0}
  m_PrefabInstance: {fileID: 0}
  m_PrefabAsset: {fileID: 0}
  m_GameObject: {fileID: 686838174746764207}
  m_Material: {fileID: 0}
  m_IsTrigger: 0
  m_Enabled: 1
  serializedVersion: 4
  m_Convex: 0
  m_CookingOptions: 30
  m_Mesh: {fileID: 0}
--- !u!1 &686838174754779000
GameObject:
  m_ObjectHideFlags: 0
  m_CorrespondingSourceObject: {fileID: 0}
  m_PrefabInstance: {fileID: 0}
  m_PrefabAsset: {fileID: 0}
  serializedVersion: 6
  m_Component:
  - component: {fileID: 686838174754779007}
  - component: {fileID: 686838174754778977}
  - component: {fileID: 686838174754779006}
  m_Layer: 0
  m_Name: Spline
  m_TagString: Untagged
  m_Icon: {fileID: 0}
  m_NavMeshLayer: 0
  m_StaticEditorFlags: 0
  m_IsActive: 1
--- !u!4 &686838174754779007
Transform:
  m_ObjectHideFlags: 0
  m_CorrespondingSourceObject: {fileID: 0}
  m_PrefabInstance: {fileID: 0}
  m_PrefabAsset: {fileID: 0}
  m_GameObject: {fileID: 686838174754779000}
  m_LocalRotation: {x: -0, y: -0, z: -0, w: 1}
  m_LocalPosition: {x: 1.62, y: 0, z: 0}
  m_LocalScale: {x: 1, y: 1, z: 1}
  m_Children:
  - {fileID: 686838173731527889}
  m_Father: {fileID: 686838174951568026}
  m_RootOrder: 0
  m_LocalEulerAnglesHint: {x: 0, y: 0, z: 0}
--- !u!114 &686838174754778977
MonoBehaviour:
  m_ObjectHideFlags: 0
  m_CorrespondingSourceObject: {fileID: 0}
  m_PrefabInstance: {fileID: 0}
  m_PrefabAsset: {fileID: 0}
  m_GameObject: {fileID: 686838174754779000}
  m_Enabled: 1
  m_EditorHideFlags: 0
  m_Script: {fileID: 11500000, guid: 1a85c5879d519aa4ab2ebbf42591149a, type: 3}
  m_Name: 
  m_EditorClassIdentifier: 
  nodes:
  - position: {x: 1.3752365, y: 0.9886446, z: 0.9663788}
    direction: {x: -0.445549, y: 0.9886446, z: 1.2543614}
    up: {x: 0, y: 1, z: 0}
    scale: {x: 1, y: 1}
    roll: 0
  - position: {x: -2.845642, y: 1.123343, z: 1.2222881}
    direction: {x: -4.424507, y: 1.7615955, z: 1.2979845}
    up: {x: 0, y: 1, z: 0}
    scale: {x: 1, y: 1}
    roll: 0
  - position: {x: -4.6648636, y: 3.8283122, z: 1.2222881}
    direction: {x: -4.577141, y: 5.023399, z: 1.2268116}
    up: {x: 0.9903166, y: -0.1375847, z: 0.01853296}
    scale: {x: 1, y: 1}
    roll: 0
  - position: {x: -2.9379654, y: 6.0943174, z: 0.9069427}
    direction: {x: -2.0810928, y: 6.0846257, z: 0.94737494}
    up: {x: 0.026469236, y: -0.9996492, z: 0.0009355547}
    scale: {x: 1, y: 1}
    roll: 0
  - position: {x: -1.3304825, y: 4.643321, z: 0.7843963}
    direction: {x: -1.2395477, y: 4.2962284, z: 0.8248285}
    up: {x: -0.9224014, y: -0.2560997, z: -0.2891168}
    scale: {x: 1, y: 1}
    roll: 0
  - position: {x: -2.980919, y: 2.7402794, z: -0.01906699}
    direction: {x: -4.9630966, y: 2.6224344, z: -0.16748178}
    up: {x: -0.015830994, y: 0.9873774, z: 0.15759191}
    scale: {x: 1, y: 1}
    roll: 0
  - position: {x: -5.6997223, y: 2.6959527, z: -0.7537583}
    direction: {x: -6.900401, y: 2.6413224, z: -1.6750103}
    up: {x: 0.014518736, y: 0.9902321, z: 0.13867103}
    scale: {x: 1, y: 1}
    roll: 0
  - position: {x: -7.815053, y: 2.680851, z: -1.634999}
    direction: {x: -8.492681, y: 2.7905412, z: -1.3645679}
    up: {x: 0.23111725, y: 0.5609269, z: 0.79495025}
    scale: {x: 1, y: 1}
    roll: 0
  - position: {x: -8.92263, y: 3.1869674, z: 0.46956563}
    direction: {x: -8.488472, y: 3.2966576, z: 1.3638494}
    up: {x: 0.6811371, y: 0.49908638, z: -0.5356912}
    scale: {x: 1, y: 1}
    roll: 0
  - position: {x: -6.384865, y: 2.106749, z: 1.741585}
    direction: {x: -5.196266, y: 2.1683412, z: 1.7288965}
    up: {x: 0.25034335, y: 0.95263106, z: -0.17269124}
    scale: {x: 1, y: 1}
    roll: 0
  - position: {x: -2.8272982, y: 2.5411396, z: 3.237428}
    direction: {x: 0.3344984, y: 2.9396086, z: 3.6818292}
    up: {x: 0, y: 1, z: 0}
    scale: {x: 1, y: 1}
    roll: 0
  curves:
  - n1:
      position: {x: 1.3752365, y: 0.9886446, z: 0.9663788}
      direction: {x: -0.445549, y: 0.9886446, z: 1.2543614}
      up: {x: 0, y: 1, z: 0}
      scale: {x: 1, y: 1}
      roll: 0
    n2:
      position: {x: -2.845642, y: 1.123343, z: 1.2222881}
      direction: {x: -4.424507, y: 1.7615955, z: 1.2979845}
      up: {x: 0, y: 1, z: 0}
      scale: {x: 1, y: 1}
      roll: 0
    Changed:
      m_PersistentCalls:
        m_Calls: []
  - n1:
      position: {x: -2.845642, y: 1.123343, z: 1.2222881}
      direction: {x: -4.424507, y: 1.7615955, z: 1.2979845}
      up: {x: 0, y: 1, z: 0}
      scale: {x: 1, y: 1}
      roll: 0
    n2:
      position: {x: -4.6648636, y: 3.8283122, z: 1.2222881}
      direction: {x: -4.577141, y: 5.023399, z: 1.2268116}
      up: {x: 0.9903166, y: -0.1375847, z: 0.01853296}
      scale: {x: 1, y: 1}
      roll: 0
    Changed:
      m_PersistentCalls:
        m_Calls: []
  - n1:
      position: {x: -4.6648636, y: 3.8283122, z: 1.2222881}
      direction: {x: -4.577141, y: 5.023399, z: 1.2268116}
      up: {x: 0.9903166, y: -0.1375847, z: 0.01853296}
      scale: {x: 1, y: 1}
      roll: 0
    n2:
      position: {x: -2.9379654, y: 6.0943174, z: 0.9069427}
      direction: {x: -2.0810928, y: 6.0846257, z: 0.94737494}
      up: {x: 0.026469236, y: -0.9996492, z: 0.0009355547}
      scale: {x: 1, y: 1}
      roll: 0
    Changed:
      m_PersistentCalls:
        m_Calls: []
  - n1:
      position: {x: -2.9379654, y: 6.0943174, z: 0.9069427}
      direction: {x: -2.0810928, y: 6.0846257, z: 0.94737494}
      up: {x: 0.026469236, y: -0.9996492, z: 0.0009355547}
      scale: {x: 1, y: 1}
      roll: 0
    n2:
      position: {x: -1.3304825, y: 4.643321, z: 0.7843963}
      direction: {x: -1.2395477, y: 4.2962284, z: 0.8248285}
      up: {x: -0.9224014, y: -0.2560997, z: -0.2891168}
      scale: {x: 1, y: 1}
      roll: 0
    Changed:
      m_PersistentCalls:
        m_Calls: []
  - n1:
      position: {x: -1.3304825, y: 4.643321, z: 0.7843963}
      direction: {x: -1.2395477, y: 4.2962284, z: 0.8248285}
      up: {x: -0.9224014, y: -0.2560997, z: -0.2891168}
      scale: {x: 1, y: 1}
      roll: 0
    n2:
      position: {x: -2.980919, y: 2.7402794, z: -0.01906699}
      direction: {x: -4.9630966, y: 2.6224344, z: -0.16748178}
      up: {x: -0.015830994, y: 0.9873774, z: 0.15759191}
      scale: {x: 1, y: 1}
      roll: 0
    Changed:
      m_PersistentCalls:
        m_Calls: []
  - n1:
      position: {x: -2.980919, y: 2.7402794, z: -0.01906699}
      direction: {x: -4.9630966, y: 2.6224344, z: -0.16748178}
      up: {x: -0.015830994, y: 0.9873774, z: 0.15759191}
      scale: {x: 1, y: 1}
      roll: 0
    n2:
      position: {x: -5.6997223, y: 2.6959527, z: -0.7537583}
      direction: {x: -6.900401, y: 2.6413224, z: -1.6750103}
      up: {x: 0.014518736, y: 0.9902321, z: 0.13867103}
      scale: {x: 1, y: 1}
      roll: 0
    Changed:
      m_PersistentCalls:
        m_Calls: []
  - n1:
      position: {x: -5.6997223, y: 2.6959527, z: -0.7537583}
      direction: {x: -6.900401, y: 2.6413224, z: -1.6750103}
      up: {x: 0.014518736, y: 0.9902321, z: 0.13867103}
      scale: {x: 1, y: 1}
      roll: 0
    n2:
      position: {x: -7.815053, y: 2.680851, z: -1.634999}
      direction: {x: -8.492681, y: 2.7905412, z: -1.3645679}
      up: {x: 0.23111725, y: 0.5609269, z: 0.79495025}
      scale: {x: 1, y: 1}
      roll: 0
    Changed:
      m_PersistentCalls:
        m_Calls: []
  - n1:
      position: {x: -7.815053, y: 2.680851, z: -1.634999}
      direction: {x: -8.492681, y: 2.7905412, z: -1.3645679}
      up: {x: 0.23111725, y: 0.5609269, z: 0.79495025}
      scale: {x: 1, y: 1}
      roll: 0
    n2:
      position: {x: -8.92263, y: 3.1869674, z: 0.46956563}
      direction: {x: -8.488472, y: 3.2966576, z: 1.3638494}
      up: {x: 0.6811371, y: 0.49908638, z: -0.5356912}
      scale: {x: 1, y: 1}
      roll: 0
    Changed:
      m_PersistentCalls:
        m_Calls: []
  - n1:
      position: {x: -8.92263, y: 3.1869674, z: 0.46956563}
      direction: {x: -8.488472, y: 3.2966576, z: 1.3638494}
      up: {x: 0.6811371, y: 0.49908638, z: -0.5356912}
      scale: {x: 1, y: 1}
      roll: 0
    n2:
      position: {x: -6.384865, y: 2.106749, z: 1.741585}
      direction: {x: -5.196266, y: 2.1683412, z: 1.7288965}
      up: {x: 0.25034335, y: 0.95263106, z: -0.17269124}
      scale: {x: 1, y: 1}
      roll: 0
    Changed:
      m_PersistentCalls:
        m_Calls: []
  - n1:
      position: {x: -6.384865, y: 2.106749, z: 1.741585}
      direction: {x: -5.196266, y: 2.1683412, z: 1.7288965}
      up: {x: 0.25034335, y: 0.95263106, z: -0.17269124}
      scale: {x: 1, y: 1}
      roll: 0
    n2:
      position: {x: -2.8272982, y: 2.5411396, z: 3.237428}
      direction: {x: 0.3344984, y: 2.9396086, z: 3.6818292}
      up: {x: 0, y: 1, z: 0}
      scale: {x: 1, y: 1}
      roll: 0
    Changed:
      m_PersistentCalls:
        m_Calls: []
  Length: 31.644234
  isLoop: 0
  CurveChanged:
    m_PersistentCalls:
      m_Calls: []
--- !u!114 &686838174754779006
MonoBehaviour:
  m_ObjectHideFlags: 0
  m_CorrespondingSourceObject: {fileID: 0}
  m_PrefabInstance: {fileID: 0}
  m_PrefabAsset: {fileID: 0}
  m_GameObject: {fileID: 686838174754779000}
  m_Enabled: 1
  m_EditorHideFlags: 0
  m_Script: {fileID: 11500000, guid: 8d1eb05ecfaa05444b40d40a2ea2268f, type: 3}
  m_Name: 
  m_EditorClassIdentifier: 
  shapeVertices:
  - point: {x: 0.65, y: -0.1}
    normal: {x: 0, y: 0.2}
    uCoord: 0
  - point: {x: 0.65, y: -0.1}
    normal: {x: 0.2, y: -0.2}
    uCoord: 0
  - point: {x: 0.55, y: -0.2}
    normal: {x: 0.1, y: -0.2}
    uCoord: 0.33
  - point: {x: -0.55, y: -0.2}
    normal: {x: -0.1, y: -0.2}
    uCoord: 0.33
  - point: {x: -0.65, y: -0.1}
    normal: {x: -0.2, y: -0.2}
    uCoord: 0.66
  - point: {x: -0.65, y: -0.1}
    normal: {x: 0, y: 0.2}
    uCoord: 0.66
  material: {fileID: 2100000, guid: b8c8701b896a8184e8974775b53a7fd7, type: 2}
  textureScale: 1
  sampleSpacing: 0.1
--- !u!1 &686838174950972585
GameObject:
  m_ObjectHideFlags: 0
  m_CorrespondingSourceObject: {fileID: 0}
  m_PrefabInstance: {fileID: 0}
  m_PrefabAsset: {fileID: 0}
  serializedVersion: 6
  m_Component:
  - component: {fileID: 686838174950972584}
  - component: {fileID: 686838174950972588}
  - component: {fileID: 686838174950972589}
  - component: {fileID: 686838174950972590}
  - component: {fileID: 686838174950972591}
  m_Layer: 0
  m_Name: segment 1 mesh
  m_TagString: Untagged
  m_Icon: {fileID: 0}
  m_NavMeshLayer: 0
  m_StaticEditorFlags: 4294967295
  m_IsActive: 1
--- !u!4 &686838174950972584
Transform:
  m_ObjectHideFlags: 0
  m_CorrespondingSourceObject: {fileID: 0}
  m_PrefabInstance: {fileID: 0}
  m_PrefabAsset: {fileID: 0}
  m_GameObject: {fileID: 686838174950972585}
  m_LocalRotation: {x: 0, y: 0, z: 0, w: 1}
  m_LocalPosition: {x: 0, y: 0, z: 0}
  m_LocalScale: {x: 1, y: 1, z: 1}
  m_Children: []
  m_Father: {fileID: 686838173865937206}
  m_RootOrder: 1
  m_LocalEulerAnglesHint: {x: 0, y: 0, z: 0}
--- !u!33 &686838174950972588
MeshFilter:
  m_ObjectHideFlags: 0
  m_CorrespondingSourceObject: {fileID: 0}
  m_PrefabInstance: {fileID: 0}
  m_PrefabAsset: {fileID: 0}
  m_GameObject: {fileID: 686838174950972585}
  m_Mesh: {fileID: 0}
--- !u!23 &686838174950972589
MeshRenderer:
  m_ObjectHideFlags: 0
  m_CorrespondingSourceObject: {fileID: 0}
  m_PrefabInstance: {fileID: 0}
  m_PrefabAsset: {fileID: 0}
  m_GameObject: {fileID: 686838174950972585}
  m_Enabled: 1
  m_CastShadows: 1
  m_ReceiveShadows: 1
  m_DynamicOccludee: 1
  m_MotionVectors: 1
  m_LightProbeUsage: 1
  m_ReflectionProbeUsage: 1
  m_RayTracingMode: 2
  m_RayTraceProcedural: 0
  m_RenderingLayerMask: 1
  m_RendererPriority: 0
  m_Materials:
  - {fileID: 2100000, guid: 67dec03cf425dbe488dee09029db7028, type: 2}
  m_StaticBatchInfo:
    firstSubMesh: 0
    subMeshCount: 0
  m_StaticBatchRoot: {fileID: 0}
  m_ProbeAnchor: {fileID: 0}
  m_LightProbeVolumeOverride: {fileID: 0}
  m_ScaleInLightmap: 1
  m_ReceiveGI: 1
  m_PreserveUVs: 0
  m_IgnoreNormalsForChartDetection: 0
  m_ImportantGI: 0
  m_StitchLightmapSeams: 1
  m_SelectedEditorRenderState: 3
  m_MinimumChartSize: 4
  m_AutoUVMaxDistance: 0.5
  m_AutoUVMaxAngle: 89
  m_LightmapParameters: {fileID: 0}
  m_SortingLayerID: 0
  m_SortingLayer: 0
  m_SortingOrder: 0
  m_AdditionalVertexStreams: {fileID: 0}
--- !u!114 &686838174950972590
MonoBehaviour:
  m_ObjectHideFlags: 0
  m_CorrespondingSourceObject: {fileID: 0}
  m_PrefabInstance: {fileID: 0}
  m_PrefabAsset: {fileID: 0}
  m_GameObject: {fileID: 686838174950972585}
  m_Enabled: 1
  m_EditorHideFlags: 0
  m_Script: {fileID: 11500000, guid: f8cda9ed2ad6a8b4781166236afc26b3, type: 3}
  m_Name: 
  m_EditorClassIdentifier: 
--- !u!64 &686838174950972591
MeshCollider:
  m_ObjectHideFlags: 0
  m_CorrespondingSourceObject: {fileID: 0}
  m_PrefabInstance: {fileID: 0}
  m_PrefabAsset: {fileID: 0}
  m_GameObject: {fileID: 686838174950972585}
  m_Material: {fileID: 0}
  m_IsTrigger: 0
  m_Enabled: 1
  serializedVersion: 4
  m_Convex: 0
  m_CookingOptions: 30
  m_Mesh: {fileID: 0}
--- !u!1 &686838174951568027
GameObject:
  m_ObjectHideFlags: 0
  m_CorrespondingSourceObject: {fileID: 0}
  m_PrefabInstance: {fileID: 0}
  m_PrefabAsset: {fileID: 0}
  serializedVersion: 6
  m_Component:
  - component: {fileID: 686838174951568026}
  m_Layer: 0
  m_Name: 11 - Loop
  m_TagString: Untagged
  m_Icon: {fileID: 0}
  m_NavMeshLayer: 0
  m_StaticEditorFlags: 0
  m_IsActive: 1
--- !u!4 &686838174951568026
Transform:
  m_ObjectHideFlags: 0
  m_CorrespondingSourceObject: {fileID: 0}
  m_PrefabInstance: {fileID: 0}
  m_PrefabAsset: {fileID: 0}
  m_GameObject: {fileID: 686838174951568027}
  m_LocalRotation: {x: 0, y: 0, z: 0, w: 1}
  m_LocalPosition: {x: -85, y: 0, z: 0}
  m_LocalScale: {x: 1, y: 1, z: 1}
  m_Children:
  - {fileID: 686838174754779007}
  m_Father: {fileID: 0}
  m_RootOrder: 0
  m_LocalEulerAnglesHint: {x: 0, y: 0, z: 0}
--- !u!1 &686838175138807854
GameObject:
  m_ObjectHideFlags: 0
  m_CorrespondingSourceObject: {fileID: 0}
  m_PrefabInstance: {fileID: 0}
  m_PrefabAsset: {fileID: 0}
  serializedVersion: 6
  m_Component:
  - component: {fileID: 686838175138807853}
  - component: {fileID: 686838175138807825}
  - component: {fileID: 686838175138807826}
  - component: {fileID: 686838175138807827}
  - component: {fileID: 686838175138807852}
  m_Layer: 0
  m_Name: segment 2 mesh
  m_TagString: Untagged
  m_Icon: {fileID: 0}
  m_NavMeshLayer: 0
  m_StaticEditorFlags: 4294967295
  m_IsActive: 1
--- !u!4 &686838175138807853
Transform:
  m_ObjectHideFlags: 0
  m_CorrespondingSourceObject: {fileID: 0}
  m_PrefabInstance: {fileID: 0}
  m_PrefabAsset: {fileID: 0}
  m_GameObject: {fileID: 686838175138807854}
  m_LocalRotation: {x: 0, y: 0, z: 0, w: 1}
  m_LocalPosition: {x: 0, y: 0, z: 0}
  m_LocalScale: {x: 1, y: 1, z: 1}
  m_Children: []
  m_Father: {fileID: 686838173865937206}
  m_RootOrder: 2
  m_LocalEulerAnglesHint: {x: 0, y: 0, z: 0}
--- !u!33 &686838175138807825
MeshFilter:
  m_ObjectHideFlags: 0
  m_CorrespondingSourceObject: {fileID: 0}
  m_PrefabInstance: {fileID: 0}
  m_PrefabAsset: {fileID: 0}
  m_GameObject: {fileID: 686838175138807854}
  m_Mesh: {fileID: 0}
--- !u!23 &686838175138807826
MeshRenderer:
  m_ObjectHideFlags: 0
  m_CorrespondingSourceObject: {fileID: 0}
  m_PrefabInstance: {fileID: 0}
  m_PrefabAsset: {fileID: 0}
  m_GameObject: {fileID: 686838175138807854}
  m_Enabled: 1
  m_CastShadows: 1
  m_ReceiveShadows: 1
  m_DynamicOccludee: 1
  m_MotionVectors: 1
  m_LightProbeUsage: 1
  m_ReflectionProbeUsage: 1
  m_RayTracingMode: 2
  m_RayTraceProcedural: 0
  m_RenderingLayerMask: 1
  m_RendererPriority: 0
  m_Materials:
  - {fileID: 2100000, guid: 67dec03cf425dbe488dee09029db7028, type: 2}
  m_StaticBatchInfo:
    firstSubMesh: 0
    subMeshCount: 0
  m_StaticBatchRoot: {fileID: 0}
  m_ProbeAnchor: {fileID: 0}
  m_LightProbeVolumeOverride: {fileID: 0}
  m_ScaleInLightmap: 1
  m_ReceiveGI: 1
  m_PreserveUVs: 0
  m_IgnoreNormalsForChartDetection: 0
  m_ImportantGI: 0
  m_StitchLightmapSeams: 1
  m_SelectedEditorRenderState: 3
  m_MinimumChartSize: 4
  m_AutoUVMaxDistance: 0.5
  m_AutoUVMaxAngle: 89
  m_LightmapParameters: {fileID: 0}
  m_SortingLayerID: 0
  m_SortingLayer: 0
  m_SortingOrder: 0
  m_AdditionalVertexStreams: {fileID: 0}
--- !u!114 &686838175138807827
MonoBehaviour:
  m_ObjectHideFlags: 0
  m_CorrespondingSourceObject: {fileID: 0}
  m_PrefabInstance: {fileID: 0}
  m_PrefabAsset: {fileID: 0}
  m_GameObject: {fileID: 686838175138807854}
  m_Enabled: 1
  m_EditorHideFlags: 0
  m_Script: {fileID: 11500000, guid: f8cda9ed2ad6a8b4781166236afc26b3, type: 3}
  m_Name: 
  m_EditorClassIdentifier: 
--- !u!64 &686838175138807852
MeshCollider:
  m_ObjectHideFlags: 0
  m_CorrespondingSourceObject: {fileID: 0}
  m_PrefabInstance: {fileID: 0}
  m_PrefabAsset: {fileID: 0}
  m_GameObject: {fileID: 686838175138807854}
  m_Material: {fileID: 0}
  m_IsTrigger: 0
  m_Enabled: 1
  serializedVersion: 4
  m_Convex: 0
  m_CookingOptions: 30
  m_Mesh: {fileID: 0}
--- !u!1 &686838175388356511
GameObject:
  m_ObjectHideFlags: 0
  m_CorrespondingSourceObject: {fileID: 0}
  m_PrefabInstance: {fileID: 0}
  m_PrefabAsset: {fileID: 0}
  serializedVersion: 6
  m_Component:
  - component: {fileID: 686838175388356510}
  - component: {fileID: 686838175388356482}
  - component: {fileID: 686838175388356483}
  - component: {fileID: 686838175388356508}
  - component: {fileID: 686838175388356509}
  m_Layer: 0
  m_Name: segment 9 mesh
  m_TagString: Untagged
  m_Icon: {fileID: 0}
  m_NavMeshLayer: 0
  m_StaticEditorFlags: 4294967295
  m_IsActive: 1
--- !u!4 &686838175388356510
Transform:
  m_ObjectHideFlags: 0
  m_CorrespondingSourceObject: {fileID: 0}
  m_PrefabInstance: {fileID: 0}
  m_PrefabAsset: {fileID: 0}
  m_GameObject: {fileID: 686838175388356511}
  m_LocalRotation: {x: 0, y: 0, z: 0, w: 1}
  m_LocalPosition: {x: 0, y: 0, z: 0}
  m_LocalScale: {x: 1, y: 1, z: 1}
  m_Children: []
  m_Father: {fileID: 686838173865937206}
  m_RootOrder: 9
  m_LocalEulerAnglesHint: {x: 0, y: 0, z: 0}
--- !u!33 &686838175388356482
MeshFilter:
  m_ObjectHideFlags: 0
  m_CorrespondingSourceObject: {fileID: 0}
  m_PrefabInstance: {fileID: 0}
  m_PrefabAsset: {fileID: 0}
  m_GameObject: {fileID: 686838175388356511}
  m_Mesh: {fileID: 0}
--- !u!23 &686838175388356483
MeshRenderer:
  m_ObjectHideFlags: 0
  m_CorrespondingSourceObject: {fileID: 0}
  m_PrefabInstance: {fileID: 0}
  m_PrefabAsset: {fileID: 0}
  m_GameObject: {fileID: 686838175388356511}
  m_Enabled: 1
  m_CastShadows: 1
  m_ReceiveShadows: 1
  m_DynamicOccludee: 1
  m_MotionVectors: 1
  m_LightProbeUsage: 1
  m_ReflectionProbeUsage: 1
  m_RayTracingMode: 2
  m_RayTraceProcedural: 0
  m_RenderingLayerMask: 1
  m_RendererPriority: 0
  m_Materials:
  - {fileID: 2100000, guid: 67dec03cf425dbe488dee09029db7028, type: 2}
  m_StaticBatchInfo:
    firstSubMesh: 0
    subMeshCount: 0
  m_StaticBatchRoot: {fileID: 0}
  m_ProbeAnchor: {fileID: 0}
  m_LightProbeVolumeOverride: {fileID: 0}
  m_ScaleInLightmap: 1
  m_ReceiveGI: 1
  m_PreserveUVs: 0
  m_IgnoreNormalsForChartDetection: 0
  m_ImportantGI: 0
  m_StitchLightmapSeams: 1
  m_SelectedEditorRenderState: 3
  m_MinimumChartSize: 4
  m_AutoUVMaxDistance: 0.5
  m_AutoUVMaxAngle: 89
  m_LightmapParameters: {fileID: 0}
  m_SortingLayerID: 0
  m_SortingLayer: 0
  m_SortingOrder: 0
  m_AdditionalVertexStreams: {fileID: 0}
--- !u!114 &686838175388356508
MonoBehaviour:
  m_ObjectHideFlags: 0
  m_CorrespondingSourceObject: {fileID: 0}
  m_PrefabInstance: {fileID: 0}
  m_PrefabAsset: {fileID: 0}
  m_GameObject: {fileID: 686838175388356511}
  m_Enabled: 1
  m_EditorHideFlags: 0
  m_Script: {fileID: 11500000, guid: f8cda9ed2ad6a8b4781166236afc26b3, type: 3}
  m_Name: 
  m_EditorClassIdentifier: 
--- !u!64 &686838175388356509
MeshCollider:
  m_ObjectHideFlags: 0
  m_CorrespondingSourceObject: {fileID: 0}
  m_PrefabInstance: {fileID: 0}
  m_PrefabAsset: {fileID: 0}
  m_GameObject: {fileID: 686838175388356511}
  m_Material: {fileID: 0}
  m_IsTrigger: 0
  m_Enabled: 1
  serializedVersion: 4
  m_Convex: 0
  m_CookingOptions: 30
  m_Mesh: {fileID: 0}
