%YAML 1.1
%TAG !u! tag:unity3d.com,2011:
--- !u!1 &970464310378999997
GameObject:
  m_ObjectHideFlags: 0
  m_CorrespondingSourceObject: {fileID: 0}
  m_PrefabInstance: {fileID: 0}
  m_PrefabAsset: {fileID: 0}
  serializedVersion: 6
  m_Component:
  - component: {fileID: 8649514560289233403}
  - component: {fileID: 7838432336529903660}
  - component: {fileID: 2717228716659272129}
  m_Layer: 0
  m_Name: Alfil
  m_TagString: Untagged
  m_Icon: {fileID: 0}
  m_NavMeshLayer: 0
  m_StaticEditorFlags: 0
  m_IsActive: 1
--- !u!4 &8649514560289233403
Transform:
  m_ObjectHideFlags: 0
  m_CorrespondingSourceObject: {fileID: 0}
  m_PrefabInstance: {fileID: 0}
  m_PrefabAsset: {fileID: 0}
  m_GameObject: {fileID: 970464310378999997}
  m_LocalRotation: {x: 0, y: 0, z: 0, w: 1}
  m_LocalPosition: {x: -0.004480181, y: 0.0012650013, z: -0.14055324}
  m_LocalScale: {x: 1, y: 1, z: 1}
  m_Children:
  - {fileID: 4512250463213949776}
  m_Father: {fileID: 0}
  m_RootOrder: 0
  m_LocalEulerAnglesHint: {x: 0, y: 0, z: 0}
--- !u!65 &7838432336529903660
BoxCollider:
  m_ObjectHideFlags: 0
  m_CorrespondingSourceObject: {fileID: 0}
  m_PrefabInstance: {fileID: 0}
  m_PrefabAsset: {fileID: 0}
  m_GameObject: {fileID: 970464310378999997}
  m_Material: {fileID: 0}
  m_IsTrigger: 0
  m_Enabled: 1
  serializedVersion: 2
  m_Size: {x: 1, y: 1, z: 1}
  m_Center: {x: 0, y: 0, z: 0}
--- !u!114 &2717228716659272129
MonoBehaviour:
  m_ObjectHideFlags: 0
  m_CorrespondingSourceObject: {fileID: 0}
  m_PrefabInstance: {fileID: 0}
  m_PrefabAsset: {fileID: 0}
  m_GameObject: {fileID: 970464310378999997}
  m_Enabled: 1
  m_EditorHideFlags: 0
  m_Script: {fileID: 11500000, guid: f72179ee04bf568479e7dcef1eea7145, type: 3}
  m_Name: 
  m_EditorClassIdentifier: 
  name: Bishop
  playerId: 0
  currentBox: {fileID: 0}
  player: {fileID: 0}
  active: 1
  meshes: []
  actualColor: {r: 0, g: 0, b: 0, a: 0}
  originalColor: {r: 0, g: 0, b: 0, a: 0}
  originalMat: {fileID: 0}
  actualMaterial: {fileID: 0}
  highlightMat: {fileID: 0}
  dieMat: {fileID: 0}
  selected: 0
  shield: 0
  auxBool: 0
  controller: {fileID: 0}
--- !u!1 &5050100004339547967
GameObject:
  m_ObjectHideFlags: 0
  m_CorrespondingSourceObject: {fileID: 0}
  m_PrefabInstance: {fileID: 0}
  m_PrefabAsset: {fileID: 0}
  serializedVersion: 6
  m_Component:
  - component: {fileID: 4512250463213949776}
  - component: {fileID: 6498615030222294429}
  - component: {fileID: 5852534266942073537}
  m_Layer: 0
  m_Name: Mesh
  m_TagString: Untagged
  m_Icon: {fileID: 0}
  m_NavMeshLayer: 0
  m_StaticEditorFlags: 0
  m_IsActive: 1
--- !u!4 &4512250463213949776
Transform:
  m_ObjectHideFlags: 0
  m_CorrespondingSourceObject: {fileID: 0}
  m_PrefabInstance: {fileID: 0}
  m_PrefabAsset: {fileID: 0}
  m_GameObject: {fileID: 5050100004339547967}
  m_LocalRotation: {x: -0, y: 0, z: -0, w: 1}
  m_LocalPosition: {x: 0, y: 0, z: 0}
  m_LocalScale: {x: 40, y: 40, z: 40}
  m_Children:
  - {fileID: 2407936049589732956}
  m_Father: {fileID: 8649514560289233403}
  m_RootOrder: 0
  m_LocalEulerAnglesHint: {x: 0, y: 0, z: 0}
--- !u!33 &6498615030222294429
MeshFilter:
  m_ObjectHideFlags: 0
  m_CorrespondingSourceObject: {fileID: 0}
  m_PrefabInstance: {fileID: 0}
  m_PrefabAsset: {fileID: 0}
  m_GameObject: {fileID: 5050100004339547967}
  m_Mesh: {fileID: -8492496908195177967, guid: 7d1f0477e9bd0be4b9cb8fac82781587, type: 3}
--- !u!23 &5852534266942073537
MeshRenderer:
  m_ObjectHideFlags: 0
  m_CorrespondingSourceObject: {fileID: 0}
  m_PrefabInstance: {fileID: 0}
  m_PrefabAsset: {fileID: 0}
  m_GameObject: {fileID: 5050100004339547967}
  m_Enabled: 1
  m_CastShadows: 1
  m_ReceiveShadows: 1
  m_DynamicOccludee: 1
  m_MotionVectors: 1
  m_LightProbeUsage: 1
  m_ReflectionProbeUsage: 1
  m_RayTracingMode: 2
  m_RenderingLayerMask: 1
  m_RendererPriority: 0
  m_Materials:
  - {fileID: 670224309865224971, guid: 7d1f0477e9bd0be4b9cb8fac82781587, type: 3}
  m_StaticBatchInfo:
    firstSubMesh: 0
    subMeshCount: 0
  m_StaticBatchRoot: {fileID: 0}
  m_ProbeAnchor: {fileID: 0}
  m_LightProbeVolumeOverride: {fileID: 0}
  m_ScaleInLightmap: 1
  m_ReceiveGI: 1
  m_PreserveUVs: 0
  m_IgnoreNormalsForChartDetection: 0
  m_ImportantGI: 0
  m_StitchLightmapSeams: 1
  m_SelectedEditorRenderState: 3
  m_MinimumChartSize: 4
  m_AutoUVMaxDistance: 0.5
  m_AutoUVMaxAngle: 89
  m_LightmapParameters: {fileID: 0}
  m_SortingLayerID: 0
  m_SortingLayer: 0
  m_SortingOrder: 0
--- !u!1001 &9122127116454665570
PrefabInstance:
  m_ObjectHideFlags: 0
  serializedVersion: 2
  m_Modification:
    m_TransformParent: {fileID: 4512250463213949776}
    m_Modifications:
    - target: {fileID: 4160785835753144837, guid: 8d71428f6d70ad04ab800ab8a66ae9f8,
        type: 3}
      propertyPath: m_Intensity
      value: 70
      objectReference: {fileID: 0}
    - target: {fileID: 4160785835753144837, guid: 8d71428f6d70ad04ab800ab8a66ae9f8,
        type: 3}
      propertyPath: m_SpotAngle
      value: 41.8543
      objectReference: {fileID: 0}
    - target: {fileID: 4160785835753144837, guid: 8d71428f6d70ad04ab800ab8a66ae9f8,
        type: 3}
      propertyPath: m_Enabled
      value: 1
      objectReference: {fileID: 0}
    - target: {fileID: 6378515665047509805, guid: 8d71428f6d70ad04ab800ab8a66ae9f8,
        type: 3}
      propertyPath: m_Name
      value: Piece_Light
      objectReference: {fileID: 0}
    - target: {fileID: 6913864751757548350, guid: 8d71428f6d70ad04ab800ab8a66ae9f8,
        type: 3}
      propertyPath: m_LocalPosition.x
      value: 0
      objectReference: {fileID: 0}
    - target: {fileID: 6913864751757548350, guid: 8d71428f6d70ad04ab800ab8a66ae9f8,
        type: 3}
      propertyPath: m_LocalPosition.y
      value: 0.075
      objectReference: {fileID: 0}
    - target: {fileID: 6913864751757548350, guid: 8d71428f6d70ad04ab800ab8a66ae9f8,
        type: 3}
      propertyPath: m_LocalPosition.z
      value: 0
      objectReference: {fileID: 0}
    - target: {fileID: 6913864751757548350, guid: 8d71428f6d70ad04ab800ab8a66ae9f8,
        type: 3}
      propertyPath: m_LocalRotation.x
      value: 0.7071068
      objectReference: {fileID: 0}
    - target: {fileID: 6913864751757548350, guid: 8d71428f6d70ad04ab800ab8a66ae9f8,
        type: 3}
      propertyPath: m_LocalRotation.y
      value: 0
      objectReference: {fileID: 0}
    - target: {fileID: 6913864751757548350, guid: 8d71428f6d70ad04ab800ab8a66ae9f8,
        type: 3}
      propertyPath: m_LocalRotation.z
      value: 0
      objectReference: {fileID: 0}
    - target: {fileID: 6913864751757548350, guid: 8d71428f6d70ad04ab800ab8a66ae9f8,
        type: 3}
      propertyPath: m_LocalRotation.w
      value: 0.7071068
      objectReference: {fileID: 0}
    - target: {fileID: 6913864751757548350, guid: 8d71428f6d70ad04ab800ab8a66ae9f8,
        type: 3}
      propertyPath: m_RootOrder
      value: 0
      objectReference: {fileID: 0}
    - target: {fileID: 6913864751757548350, guid: 8d71428f6d70ad04ab800ab8a66ae9f8,
        type: 3}
      propertyPath: m_LocalEulerAnglesHint.x
      value: 90
      objectReference: {fileID: 0}
    - target: {fileID: 6913864751757548350, guid: 8d71428f6d70ad04ab800ab8a66ae9f8,
        type: 3}
      propertyPath: m_LocalEulerAnglesHint.y
      value: 0
      objectReference: {fileID: 0}
    - target: {fileID: 6913864751757548350, guid: 8d71428f6d70ad04ab800ab8a66ae9f8,
        type: 3}
      propertyPath: m_LocalEulerAnglesHint.z
      value: 0
      objectReference: {fileID: 0}
    m_RemovedComponents: []
  m_SourcePrefab: {fileID: 100100000, guid: 8d71428f6d70ad04ab800ab8a66ae9f8, type: 3}
--- !u!4 &2407936049589732956 stripped
Transform:
  m_CorrespondingSourceObject: {fileID: 6913864751757548350, guid: 8d71428f6d70ad04ab800ab8a66ae9f8,
    type: 3}
  m_PrefabInstance: {fileID: 9122127116454665570}
  m_PrefabAsset: {fileID: 0}
